<record><leader>00000cas a22000007a 4500</leader><controlfield tag="001">13865704</controlfield><controlfield tag="008">860714c19uu9999mdudn ne      0   z0kor d</controlfield><datafield ind1=" " ind2=" " tag="010"><subfield code="a">sn 86010119 </subfield></datafield><datafield ind1=" " ind2=" " tag="040"><subfield code="a">NSD</subfield><subfield code="b">eng</subfield><subfield code="c">NSD</subfield><subfield code="d">OCLCQ</subfield></datafield><datafield ind1=" " ind2=" " tag="012"><subfield code="m">1</subfield></datafield><datafield ind1="0" ind2=" " tag="022"><subfield code="a">0889-3780</subfield><subfield code="l">0889-3780</subfield><subfield code="2">1</subfield></datafield><datafield ind1=" " ind2=" " tag="032"><subfield code="a">000443</subfield><subfield code="b">USPS</subfield></datafield><datafield ind1=" " ind2=" " tag="037"><subfield code="b">Chosun Ilbo Washington Ed., 7930 Georgia Ave., Silver Spring, MD 20919-4837</subfield></datafield><datafield ind1=" " ind2=" " tag="042"><subfield code="a">nsdp</subfield></datafield><datafield ind1="0" ind2=" " tag="130"><subfield code="a">Choso&#774;n ilbo (Wo'singt'on p'an)</subfield></datafield><datafield ind1=" " ind2="0" tag="222"><subfield code="a">Choso&#774;n ilbo</subfield><subfield code="b">(Wo'singt'on p'an)</subfield></datafield><datafield ind1="1" ind2="0" tag="245"><subfield code="a">Choso&#774;n ilbo =</subfield><subfield code="b">Chosun ilbo Washington edition.</subfield></datafield><datafield ind1="3" ind2="1" tag="246"><subfield code="a">Chosun ilbo</subfield></datafield><datafield ind1=" " ind2=" " tag="250"><subfield code="a">W'osingt'on p'an = Washington ed.</subfield></datafield><datafield ind1=" " ind2=" " tag="260"><subfield code="a">Silver Spring, MD :</subfield><subfield code="b">Chosun Daily News</subfield></datafield><datafield ind1=" " ind2=" " tag="310"><subfield code="a">Daily (except Sundays &amp; holidays)</subfield></datafield><datafield ind1=" " ind2=" " tag="588"><subfield code="a">Description based on: 1986-yo&#774;n 3-wo&#774;l 14-il.</subfield></datafield><datafield ind1=" " ind2=" " tag="752"><subfield code="a">United States</subfield><subfield code="b">Maryland</subfield><subfield code="c">Montgomery</subfield><subfield code="d">Silver Spring.</subfield></datafield><datafield ind1="0" ind2=" " tag="775"><subfield code="t">Cho&#774;sun ilbo</subfield><subfield code="f">ko</subfield></datafield></record>